@book{jech,
  author = {Hrbacek, Karel and Jech, Thomas},
  title = {Introduction to Set Theory},
  publisher={Marcel Dekker},
  year={1999}
}
